 @misc{jansen,
   author = "Wikipedia",
   title = "Theo Jansen Mechanism",
   year = "2014",
   url = "http://en.wikipedia.org/wiki/Theo_Jansen",
   note = "[Accessed 7-April-2014]"
 }
  @misc{ facts,
   author = "Blue Lion, Defenders of Wildlife",
   year = "2014",
   url = "http://www.defenders.org/cheetah/basic-facts",
 } 

 
  @misc{ box2d,
   title = "Box2D Official Site",
   year = "2014",
   url = "http://box2d.org",
   note = "[Accessed 24-January-2014]"
 }
 
  @misc{ sir,
  author="Prof Parag Chaudhary",
   title = "Official Site",
   year = "2014",
   url = "http://www.cse.iitb.ac.in/~paragc",
 }

